
@misc{Authors01,
 author = {Karen Simonyan, Andrew Zisserman},
 title = {Very Deep Convolutional Networks for Large-Scale Image Recognition},
 note = {Computer Vision and Pattern Recognition (cs.CV)},
 year = 2014
}

@article{Authors02,
author = {N. V. Chawla, K. W. Bowyer, and L. O. Hall, W. P. Kegelmeyerer},
title = {SMOTE: Synthetic Minority Over-sampling Technique},
journal = {Journal Of Artificial Intelligence Research},
volume = 16, 
number = 1, 
pages = {321-357}, 
year = 2002,
}

@misc{Authors03,
 author = {Senol Kurt},
 title = "Topic Modeling — LDA Mallet Implementation in Python — Part 1",
 note = {https://medium.com/@kurtsenol21/topic-modeling-lda-mallet-implementation-in-python-part-1-c493a5297ad2},
}